@ARTICLE{Pataki,
    author = {Gabor Pataki},
    title = {Teaching Integer Programming Formulations Using The Traveling Salesman Problem},
    journal = {SIAM REV},
    year = {2003},
    volume = {45},
    pages = {116--123}
}

@Book{Wolsey,
  author       = "L. A. Wolsey",
  title        = "Integer programming",
  publisher    = "Wiley-Interscience",
  address      = "New York, NY, USA",
  year         = "1998",
}
